@misc{guardian,
  author = {The Guardian},
  title = {Governments turn to hacking techniques for surveillance of citizens},
  howpublished = "\url{http://www.guardian.co.uk/technology/2011/nov/01/governments-hacking-techniques-surveillance}"
},

@misc{webwereld,
  author = {Webwereld},
  title = {OM: gebruik spyware door politie is legaal},
  howpublished = "\url{http://webwereld.nl/nieuws/108262/om--gebruik-spyware-door-politie-is-legaal.html}"
},

@misc{besluit,
  author = {Staat der Nederlanden},
  title = {Besluit Technische Hulpmiddelen Strafvordering},
  howpublished = "\url{http://www.st-ab.nl/wettennr03/0273-024_Besluit_technische_hulpmiddelen_strafvordering.htm}"
},

@misc{wb:sv126l,
  author = {Staat der Nederlanden},
  title = {Wetboek van Strafvordering, Artikel 126l},
  howpublished = "\url{http://wetten.overheid.nl/BWBR0001903/EersteBoek/TitelIVA/Zesdeafdeling/Artikel126l/geldigheidsdatum_17-10-2011}"
},

@misc{wb:sv126m,
  author = {Staat der Nederlanden},
  title = {Wetboek van Strafvordering, Artikel 126m},
  howpublished = "\url{http://wetten.overheid.nl/BWBR0001903/EersteBoek/TitelIVA/Zevendeafdeling/Artikel126m/geldigheidsdatum_13-11-2011}"
},

@misc{wb:sv126i,
  author = {Staat der Nederlanden},
  title = {Wetboek van Strafvordering, Artikel 126i},
  howpublished = "\url{http://wetten.overheid.nl/BWBR0001903/EersteBoek/TitelIVA/Derdeafdeling/Artikel126i/geldigheidsdatum_13-11-2011}"
},


@misc{bob,
  author = {Staat der Nederlanden},
  title = {Wijzigingswet Wetboek van Strafvordering (bijzondere opsporingsbevoegdheden)},
  howpublished = "\url{http://wetten.overheid.nl/BWBR0010478/geldigheidsdatum_13-11-2011}"
},

@misc{d66kamervragen,
  author = {Democraten '66},
  title = {Gebruikt Nederlandse overheid ook spyware?},
  howpublished = "\url{http://www.d66.nl/europa/nieuws/20111011/gebruikt_nederlandse_overheid_ook?ctx=vghpm7u9vdea}"
},

@misc{dwworld,
  author = {DW-world.de},
  title = {Several German states admit to use of controversial spy software},
  howpublished = "\url{http://www.dw-world.de/dw/article/0,,15449054,00.html}"
},

@misc{zdnet,
  author = {ZDnet NL},
  title = {Duitse deelstaten geven gebruik spyware toe},
  howpublished = "\url{http://www.zdnet.nl/news/132155/duitse\%2ddeelstaten\%2dgeven\%2dgebruik\%2dspyware\%2dtoe/}"
},

@misc{dpact,
  author = {The UK National Archives},
  title = {Data Protection Act 1998},
  howpublished = "\url{http://www.legislation.gov.uk/ukpga/1998/29/contents}"
},

@misc{regul_invest,
  author = {The UK National Archives},
  title = {Regulation of Investigatory Powers Act 2000},
  howpublished = "\url{http://www.legislation.gov.uk/ukpga/2000/23/contents}"
},

@misc{independent,
  author = {The Independent},
  title = {New powers for police to hack your PC},
  howpublished = "\url{http://www.independent.co.uk/news/uk/home-news/new-powers-for-police-to-hack-your-pc-1225802.html}"
},

%Germany
%
%

%Netherlands
%http://www.nucia.eu/forum/showthread.php?t=65368

%http://www.computable.nl/artikel/ict_topics/overheid/4214022/1277202/d66-stelt-kamervragen-over-spyware-overheid.html

@article{hornung2007ermachtigungsgrundlage,
  title={Erm{\"a}chtigungsgrundlage f{\"u}r die „Online-Durchsuchung “?},
  author={Hornung, G.},
  journal={Datenschutz und Datensicherheit-DuD},
  volume={31},
  number={8},
  pages={575--580},
  year={2007},
  publisher={Springer}
}


%[5]
